<?xml version="1.0" encoding="UTF-8"?><collection xmlns="http://www.loc.gov/MARC21/slim"><record><leader>00274nam--2200121-i-4500</leader><controlfield tag="001">000032014</controlfield><controlfield tag="002">20161230</controlfield><controlfield tag="005">20161230201038</controlfield><controlfield tag="008">060222s1000------------r-----000-0-eng-d</controlfield><datafield ind1=" " ind2=" " tag="080"><subfield code="a">681.14</subfield></datafield><datafield ind1=" " ind2=" " tag="245"><subfield code="a">The michigan algorithm decoder</subfield></datafield><datafield ind1=" " ind2=" " tag="260"><subfield code="a">F.Loc.,1966.130p</subfield></datafield><datafield ind1=" " ind2=" " tag="852"><subfield code="a">25222</subfield></datafield></record></collection>